@article{Bestow,
  author =       {Elias Castegren and Joel Wallin and Tobias Wrigstad},
  title =        {Bestow and atomic: Concurrent programming using isolation,
                  delegation and grouping},
  journal =      {J. Log. Algebr. Meth. Program.},
  volume =       100,
  year =         2018,
  url =          {https://doi.org/10.1016/j.jlamp.2018.06.007},
  doi =          {10.1016/j.jlamp.2018.06.007},
  timestamp =    {Fri, 02 Nov 2018 15:38:43 +0100},
  biburl =       {https://dblp.org/rec/bib/journals/jlp/CastegrenWW18},
  bibsource =    {dblp computer science bibliography, https://dblp.org}
}

@inproceedings{DBLP:conf/agere/Castegren0FWY18,
  author =       {Elias Castegren and Dave Clarke and Kiko Fernandez{-}Reyes and
                  Tobias Wrigstad and Albert Mingkun Yang},
  title =        {Attached and detached closures in actors},
  booktitle =    {Proceedings of the 8th {ACM} {SIGPLAN} International Workshop
                  on Programming Based on Actors, Agents, and Decentralized
                  Control, AGERE!@SPLASH 2018, Boston, MA, USA, November 5,
                  2018},
  year =         2018,
  crossref =     {DBLP:conf/agere/2018},
  url =          {https://doi.org/10.1145/3281366.3281371},
  doi =          {10.1145/3281366.3281371},
  timestamp =    {Thu, 20 Dec 2018 07:54:36 +0100},
  biburl =       {https://dblp.org/rec/bib/conf/agere/Castegren0FWY18},
  bibsource =    {dblp computer science bibliography, https://dblp.org}
}

@proceedings{DBLP:conf/agere/2018,
  editor =       {Joeri De Koster and Federico Bergenti and Juliana Franco},
  title =        {Proceedings of the 8th {ACM} {SIGPLAN} International Workshop
                  on Programming Based on Actors, Agents, and Decentralized
                  Control, AGERE!@SPLASH 2018, Boston, MA, USA, November 5,
                  2018},
  publisher =    {{ACM}},
  year =         2018,
  url =          {https://doi.org/10.1145/3281366},
  doi =          {10.1145/3281366},
  isbn =         {978-1-4503-6066-1},
  timestamp =    {Thu, 20 Dec 2018 07:54:36 +0100},
  biburl =       {https://dblp.org/rec/bib/conf/agere/2018},
  bibsource =    {dblp computer science bibliography, https://dblp.org}
}

@inproceedings{ArraysInKappa,
  author =       {Beatrice {\AA}kerblom and Elias Castegren and Tobias Wrigstad},
  title =        {Parallel programming with arrays in Kappa},
  booktitle =    {Proceedings of the 5th {ACM} {SIGPLAN} International Workshop
                  on Libraries, Languages, and Compilers for Array Programming,
                  ARRAY@PLDI 2018, Philadelphia, PA, USA, June 19, 2018},
  year =         2018,
  crossref =     {DBLP:conf/pldi/2018array},
  url =          {https://doi.org/10.1145/3219753.3219757},
  doi =          {10.1145/3219753.3219757},
  timestamp =    {Wed, 21 Nov 2018 12:44:27 +0100},
  biburl =       {https://dblp.org/rec/bib/conf/pldi/AkerblomCW18},
  bibsource =    {dblp computer science bibliography, https://dblp.org}
}

@proceedings{DBLP:conf/pldi/2018array,
  editor =       {Sven{-}Bodo Scholz and Olin Shivers},
  title =        {Proceedings of the 5th {ACM} {SIGPLAN} International Workshop
                  on Libraries, Languages, and Compilers for Array Programming,
                  ARRAY@PLDI 2018, Philadelphia, PA, USA, June 19, 2018},
  publisher =    {{ACM}},
  year =         2018,
  url =          {https://doi.org/10.1145/3219753},
  doi =          {10.1145/3219753},
  timestamp =    {Wed, 21 Nov 2018 12:44:27 +0100},
  biburl =       {https://dblp.org/rec/bib/conf/pldi/2018array},
  bibsource =    {dblp computer science bibliography, https://dblp.org}
}

@inproceedings{RelaxedKappa,
  author =       {Elias Castegren and Tobias Wrigstad},
  title =        {Relaxed Linear References for Lock-free Data Structures},
  booktitle =    {31st European Conference on Object-Oriented Programming,
                  {ECOOP} 2017, June 19-23, 2017, Barcelona, Spain},
  year =         2017,
  crossref =     {DBLP:conf/ecoop/2017},
  url =          {https://doi.org/10.4230/LIPIcs.ECOOP.2017.6},
  doi =          {10.4230/LIPIcs.ECOOP.2017.6},
  timestamp =    {Thu, 23 Aug 2018 15:56:08 +0200},
  biburl =       {https://dblp.org/rec/bib/conf/ecoop/CastegrenW17},
  bibsource =    {dblp computer science bibliography, https://dblp.org}
}

@proceedings{DBLP:conf/ecoop/2017,
  editor =       {Peter M{\"{u}}ller},
  title =        {31st European Conference on Object-Oriented Programming,
                  {ECOOP} 2017, June 19-23, 2017, Barcelona, Spain},
  series =       {LIPIcs},
  volume =       74,
  publisher =    {Schloss Dagstuhl - Leibniz-Zentrum fuer Informatik},
  year =         2017,
  url =          {http://www.dagstuhl.de/dagpub/978-3-95977-035-4},
  isbn =         {978-3-95977-035-4},
  timestamp =    {Mon, 26 Jun 2017 09:52:50 +0200},
  biburl =       {https://dblp.org/rec/bib/conf/ecoop/2017},
  bibsource =    {dblp computer science bibliography, https://dblp.org}
}

@inproceedings{ActorsWithoutBorders,
  author =       {Elias Castegren and Tobias Wrigstad},
  title =        {Actors without Borders: Amnesty for Imprisoned State},
  booktitle =    {Proceedings Tenth Workshop on Programming Language Approaches
                  to Concurrency- and Communication-cEntric Software,
                  PLACES@ETAPS 2017, Uppsala, Sweden, 29th April 2017.},
  year =         2017,
  crossref =     {DBLP:journals/corr/VasconcelosH17},
  url =          {https://doi.org/10.4204/EPTCS.246.4},
  doi =          {10.4204/EPTCS.246.4},
  timestamp =    {Wed, 12 Sep 2018 01:05:15 +0200},
  biburl =       {https://dblp.org/rec/bib/journals/corr/CastegrenW17},
  bibsource =    {dblp computer science bibliography, https://dblp.org}
}

@proceedings{DBLP:journals/corr/VasconcelosH17,
  editor =       {Vasco T. Vasconcelos and Philipp Haller},
  title =        {Proceedings Tenth Workshop on Programming Language Approaches
                  to Concurrency- and Communication-cEntric Software,
                  PLACES@ETAPS 2017, Uppsala, Sweden, 29th April 2017},
  series =       {{EPTCS}},
  volume =       246,
  year =         2017,
  url =          {https://doi.org/10.4204/EPTCS.246},
  doi =          {10.4204/EPTCS.246},
  timestamp =    {Wed, 12 Sep 2018 01:05:14 +0200},
  biburl =       {https://dblp.org/rec/bib/journals/corr/VasconcelosH17},
  bibsource =    {dblp computer science bibliography, https://dblp.org}
}

@inproceedings{Kappa,
  author =       {Elias Castegren and Tobias Wrigstad},
  title =        {Reference Capabilities for Concurrency Control},
  booktitle =    {30th European Conference on Object-Oriented Programming,
                  {ECOOP} 2016},
  year =         2016,
  url =          {https://doi.org/10.4230/LIPIcs.ECOOP.2016.5},
  doi =          {10.4230/LIPIcs.ECOOP.2016.5},
  timestamp =    {Thu, 23 Aug 2018 15:56:07 +0200},
  biburl =       {https://dblp.org/rec/bib/conf/ecoop/CastegrenW16},
  bibsource =    {dblp computer science bibliography, https://dblp.org}
}

@proceedings{DBLP:conf/ecoop/2016,
  editor =       {Shriram Krishnamurthi and Benjamin S. Lerner},
  title =        {30th European Conference on Object-Oriented Programming,
                  {ECOOP} 2016, July 18-22, 2016, Rome, Italy},
  series =       {LIPIcs},
  volume =       56,
  publisher =    {Schloss Dagstuhl - Leibniz-Zentrum fuer Informatik},
  year =         2016,
  url =          {http://www.dagstuhl.de/dagpub/978-3-95977-014-9},
  isbn =         {978-3-95977-014-9},
  timestamp =    {Wed, 20 Jul 2016 15:19:43 +0200},
  biburl =       {https://dblp.org/rec/bib/conf/ecoop/2016},
  bibsource =    {dblp computer science bibliography, https://dblp.org}
}

@inproceedings{DBLP:conf/sfm/BrandauerCCFJPT15,
  author =       {Stephan Brandauer and others},
  title =        {Parallel Objects for Multicores: {A} Glimpse at the Parallel
                  Language Encore},
  booktitle =    {Formal Methods for Multicore Programming - {SFM} 2015},
  year =         2015,
  url =          {https://doi.org/10.1007/978-3-319-18941-3\_1},
  doi =          {10.1007/978-3-319-18941-3\_1},
  timestamp =    {Fri, 02 Nov 2018 09:46:22 +0100},
  biburl =       {https://dblp.org/rec/bib/conf/sfm/BrandauerCCFJPT15},
  bibsource =    {dblp computer science bibliography, https://dblp.org}
}

@article{DBLP:journals/jfp/VytiniotisJSS1,
  author =       {Dimitrios Vytiniotis and Simon L. {Peyton Jones} and Tom
                  Schrijvers and Martin Sulzmann},
  title =        {OutsideIn(X) Modular type inference with local assumptions},
  journal =      {J. Funct. Program.},
  volume =       21,
  number =       {4-5},
  year =         2011,
  url =          {https://doi.org/10.1017/S0956796811000098},
  doi =          {10.1017/S0956796811000098},
  timestamp =    {Fri, 30 Nov 2018 13:26:43 +0100},
  biburl =       {https://dblp.org/rec/bib/journals/jfp/VytiniotisJSS11},
  bibsource =    {dblp computer science bibliography, https://dblp.org}
}

@inproceedings{exception-monad,
  author =       {Philip Wadler},
  title =        {Monads for functional programming},
  booktitle =    {Program Design Calculi, Proceedings of the {NATO} Advanced
                  Study Institute on Program Design Calculi},
  year =         1992,
  url =          {https://doi.org/10.1007/978-3-662-02880-3\_8},
  doi =          {10.1007/978-3-662-02880-3\_8},
  timestamp =    {Sun, 14 May 2017 18:58:39 +0200},
  biburl =       {https://dblp.org/rec/bib/conf/nato/Wadler92},
  bibsource =    {dblp computer science bibliography, https://dblp.org}
}

@proceedings{DBLP:conf/nato/1992pdc,
  editor =       {Manfred Broy},
  title =        {Program Design Calculi, Proceedings of the {NATO} Advanced
                  Study Institute on Program Design Calculi, Marktoberdorf,
                  Germany, July 28 - August 9, 1992},
  series =       {{NATO} {ASI} Series},
  volume =       118,
  publisher =    {Springer},
  year =         1993,
  url =          {https://doi.org/10.1007/978-3-662-02880-3},
  doi =          {10.1007/978-3-662-02880-3},
  isbn =         {978-3-642-08164-4},
  timestamp =    {Sun, 14 May 2017 18:55:41 +0200},
  biburl =       {https://dblp.org/rec/bib/conf/nato/1992pdc},
  bibsource =    {dblp computer science bibliography, https://dblp.org}
}

@article{phantom-types,
  author =       {Matthew Fluet and Riccardo Pucella},
  title =        {Phantom types and subtyping},
  journal =      {J. Funct. Program.},
  volume =       16,
  number =       6,
  year =         2006,
  url =          {https://doi.org/10.1017/S0956796806006046},
  doi =          {10.1017/S0956796806006046},
  timestamp =    {Sat, 27 May 2017 14:24:34 +0200},
  biburl =       {https://dblp.org/rec/bib/journals/jfp/FluetP06},
  bibsource =    {dblp computer science bibliography, https://dblp.org}
}

@inproceedings{reader-writer-monad,
  author =       {Mark P. Jones},
  title =        {Functional Programming with Overloading and Higher-Order
                  Polymorphism},
  booktitle =    {Advanced Functional Programming, First International Spring
                  School on Advanced Functional Programming Techniques,
                  Tutorial Text},
  year =         1995,
  url =          {https://doi.org/10.1007/3-540-59451-5\_4},
  doi =          {10.1007/3-540-59451-5\_4},
  timestamp =    {Wed, 14 Feb 2018 13:56:32 +0100},
  biburl =       {https://dblp.org/rec/bib/conf/afp/Jones95},
  bibsource =    {dblp computer science bibliography, https://dblp.org}
}

@proceedings{DBLP:conf/afp/1995,
  editor =       {Johan Jeuring and Erik Meijer},
  title =        {Advanced Functional Programming, First International Spring
                  School on Advanced Functional Programming Techniques,
                  B{\aa}stad, Sweden, May 24-30, 1995, Tutorial Text},
  series =       {Lecture Notes in Computer Science},
  volume =       925,
  publisher =    {Springer},
  year =         1995,
  url =          {https://doi.org/10.1007/3-540-59451-5},
  doi =          {10.1007/3-540-59451-5},
  isbn =         {3-540-59451-5},
  timestamp =    {Wed, 14 Feb 2018 13:56:32 +0100},
  biburl =       {https://dblp.org/rec/bib/conf/afp/1995},
  bibsource =    {dblp computer science bibliography, https://dblp.org}
}

@inproceedings{monad-transformers,
  author =       {Sheng Liang and Paul Hudak and Mark P. Jones},
  title =        {Monad Transformers and Modular Interpreters},
  booktitle =    {22nd {ACM} {SIGPLAN-SIGACT}
                  Symposium on Principles of Programming Languages {POPL} 1995},
  year =         1995,
  url =          {https://doi.org/10.1145/199448.199528},
  doi =          {10.1145/199448.199528},
  timestamp =    {Tue, 06 Nov 2018 11:07:43 +0100},
  biburl =       {https://dblp.org/rec/bib/conf/popl/LiangHJ95},
  bibsource =    {dblp computer science bibliography, https://dblp.org}
}

@proceedings{DBLP:conf/popl/1995,
  editor =       {Ron K. Cytron and Peter Lee},
  title =        {Conference Record of POPL'95: 22nd {ACM} {SIGPLAN-SIGACT}
                  Symposium on Principles of Programming Languages, San
                  Francisco, California, USA, January 23-25, 1995},
  publisher =    {{ACM} Press},
  year =         1995,
  url =          {http://dl.acm.org/citation.cfm?id=199448},
  isbn =         {0-89791-692-1},
  timestamp =    {Mon, 10 Dec 2012 15:26:39 +0100},
  biburl =       {https://dblp.org/rec/bib/conf/popl/1995},
  bibsource =    {dblp computer science bibliography, https://dblp.org}
}

@incollection{traits,
  year =         2003,
  isbn =         {978-3-540-40531-3},
  booktitle =    {ECOOP 2003},
  doi =          {10.1007/978-3-540-45070-2_12},
  title =        {Traits: Composable Units of Behaviour},
  url =          {http://dx.doi.org/10.1007/978-3-540-45070-2_12},
  publisher =    {Springer Berlin Heidelberg},
  keywords =     {Inheritance; mixins; multiple inheritance; traits; reuse;
                  Smalltalk},
  author =       {Sch\"{a}rli, Nathanael and Ducasse, St\'{e}phane and
                  Nierstrasz, Oscar and Black, Andrew P.},
  language =     {English}
}
@inproceedings{gadts-inference,
  author    = {Simon L. {Peyton Jones} and
               Dimitrios Vytiniotis and
               Stephanie Weirich and
               Geoffrey Washburn},
  title     = {Simple unification-based type inference for GADTs},
  booktitle = {11th {ACM} {SIGPLAN} International Conference on
               Functional Programming, {ICFP} 2006},
  year      = 2006,
  url       = {https://doi.org/10.1145/1159803.1159811},
  doi       = {10.1145/1159803.1159811},
  timestamp = {Tue, 06 Nov 2018 16:59:24 +0100},
  biburl    = {https://dblp.org/rec/bib/conf/icfp/JonesVWW06},
  bibsource = {dblp computer science bibliography, https://dblp.org}
}

@proceedings{DBLP:conf/icfp/2006,
  editor    = {John H. Reppy and
               Julia L. Lawall},
  title     = {Proceedings of the 11th {ACM} {SIGPLAN} International Conference on
               Functional Programming, {ICFP} 2006, Portland, Oregon, USA, September
               16-21, 2006},
  publisher = {{ACM}},
  year      = {2006},
  isbn      = {1-59593-309-3},
  timestamp = {Wed, 27 Sep 2006 15:55:23 +0200},
  biburl    = {https://dblp.org/rec/bib/conf/icfp/2006},
  bibsource = {dblp computer science bibliography, https://dblp.org}
}
@inproceedings{type-classes,
  author    = {Cordelia V. Hall and
               Kevin Hammond and
               Simon L. {Peyton Jones} and
               Philip Wadler},
  title     = {Type Classes in Haskell},
  booktitle = {Programming Languages and Systems - ESOP'94, 5th European Symposium
               on Programming, Edinburgh, UK, April 11-13, 1994, Proceedings},
  year      = {1994},
  crossref  = {DBLP:conf/esop/1994},
  url       = {https://doi.org/10.1007/3-540-57880-3\_16},
  doi       = {10.1007/3-540-57880-3\_16},
  timestamp = {Wed, 20 Jun 2018 17:30:45 +0200},
  biburl    = {https://dblp.org/rec/bib/conf/esop/HallHJW94},
  bibsource = {dblp computer science bibliography, https://dblp.org}
}

@proceedings{DBLP:conf/esop/1994,
  editor    = {Donald Sannella},
  title     = {Programming Languages and Systems - ESOP'94, 5th European Symposium
               on Programming, Edinburgh, UK, April 11-13, 1994, Proceedings},
  series    = {Lecture Notes in Computer Science},
  volume    = {788},
  publisher = {Springer},
  year      = {1994},
  url       = {https://doi.org/10.1007/3-540-57880-3},
  doi       = {10.1007/3-540-57880-3},
  isbn      = {3-540-57880-3},
  timestamp = {Wed, 20 Jun 2018 17:30:45 +0200},
  biburl    = {https://dblp.org/rec/bib/conf/esop/1994},
  bibsource = {dblp computer science bibliography, https://dblp.org}
}

@inproceedings{ApplicativeDo,
 author = {Marlow, Simon and Peyton Jones, Simon and Kmett, Edward and Mokhov, Andrey},
 title = {Desugaring Haskell's Do-notation into Applicative Operations},
 booktitle = {Proceedings of the 9th International Symposium on Haskell},
 series = {Haskell 2016},
 year = 2016,
 isbn = {978-1-4503-4434-0},
 location = {Nara, Japan},
 url = {http://doi.acm.org/10.1145/2976002.2976007},
 doi = {10.1145/2976002.2976007},
 acmid = 2976007,
 keywords = {Applicative Functors, Monads, concurrency, parallelism},
}

@misc{GHC,
  title={The Glasgow Haskell Compiler},
  howpublished={\url{https://www.haskell.org/ghc}},
  year = 2019
}

@article{HaskellReport,
  title={Haskell 2010 language report},
  author={Marlow, Simon and others},
  journal={Available online http://www. haskell. org/(August 2019)},
  year={2010}
}

@misc{OCaml,
  title={The OCaml Compiler},
  note={GitHub repository},
  howpublished={\url{https://github.com/ocaml/ocaml}},
  year = 2019
}

@misc{FSharp,
  title={The F\# Compiler},
  note={GitHub repository},
  howpublished={\url{https://github.com/fsharp/fsharp}},
  year = 2019
}

@misc{javac,
  title={The Java Compiler},
  howpublished={\url{https://openjdk.java.net/groups/compiler/}},
  author=Oracle,
  year = 2019
}

@misc{scalac,
  title={The Scala Compiler},
  howpublished={\url{https://github.com/scala/scala}},
  note={GitHub repository},
  year = 2019
}


@misc{clang,
  title={Mirror of official clang repository},
  howpublished={\url{https://github.com/llvm-mirror/clang}},
  year = 2019
}
@inproceedings{datakinds,
  author    = {Brent A. Yorgey and
               Stephanie Weirich and
               Julien Cretin and
               Simon L. {Peyton Jones} and
               Dimitrios Vytiniotis and
               Jos{\'{e}} Pedro Magalh{\~{a}}es},
  title     = {Giving Haskell a promotion},
  booktitle = {Proceedings of {TLDI} 2012: The Seventh {ACM} {SIGPLAN} Workshop on
               Types in Languages Design and Implementation, Philadelphia, PA, USA,
               Saturday, January 28, 2012},
  year      = {2012},
  crossref  = {DBLP:conf/tldi/2012},
  url       = {https://doi.org/10.1145/2103786.2103795},
  doi       = {10.1145/2103786.2103795},
  timestamp = {Tue, 06 Nov 2018 16:58:22 +0100},
  biburl    = {https://dblp.org/rec/bib/conf/tldi/YorgeyWCJVM12},
  bibsource = {dblp computer science bibliography, https://dblp.org}
}

@proceedings{DBLP:conf/tldi/2012,
  editor    = {Benjamin C. Pierce},
  title     = {Proceedings of {TLDI} 2012: The Seventh {ACM} {SIGPLAN} Workshop on
               Types in Languages Design and Implementation, Philadelphia, PA, USA,
               Saturday, January 28, 2012},
  publisher = {{ACM}},
  year      = {2012},
  url       = {http://dl.acm.org/citation.cfm?id=2103786},
  isbn      = {978-1-4503-1120-5},
  timestamp = {Fri, 18 May 2012 21:46:11 +0200},
  biburl    = {https://dblp.org/rec/bib/conf/tldi/2012},
  bibsource = {dblp computer science bibliography, https://dblp.org}
}

@article{bidirectional,
  title={{Local Type Inference}},
  author={Pierce, Benjamin C and Turner, David N},
  journal={ACM Transactions on Programming Languages and Systems (TOPLAS)},
  volume=22,
  number=1,
  year=2000,
  publisher={ACM}
}
@inproceedings{DBLP:conf/agere/ClebschDBM15,
  author    = {Sylvan Clebsch and
               Sophia Drossopoulou and
               Sebastian Blessing and
               Andy McNeil},
  title     = {Deny capabilities for safe, fast actors},
  booktitle = {Proceedings of the 5th International Workshop on Programming Based
               on Actors, Agents, and Decentralized Control, AGERE! 2015, Pittsburgh,
               PA, USA, October 26, 2015},
  pages     = {1--12},
  year      = {2015},
  crossref  = {DBLP:conf/agere/2015},
  url       = {https://doi.org/10.1145/2824815.2824816},
  doi       = {10.1145/2824815.2824816},
  timestamp = {Sun, 02 Jun 2019 21:20:00 +0200},
  biburl    = {https://dblp.org/rec/bib/conf/agere/ClebschDBM15},
  bibsource = {dblp computer science bibliography, https://dblp.org}
}

@proceedings{DBLP:conf/agere/2015,
  editor    = {Elisa Gonzalez Boix and
               Philipp Haller and
               Alessandro Ricci and
               Carlos Varela},
  title     = {Proceedings of the 5th International Workshop on Programming Based
               on Actors, Agents, and Decentralized Control, AGERE! 2015, Pittsburgh,
               PA, USA, October 26, 2015},
  publisher = {{ACM}},
  year      = {2015},
  url       = {https://doi.org/10.1145/2824815},
  doi       = {10.1145/2824815},
  isbn      = {978-1-4503-3901-8},
  timestamp = {Tue, 06 Nov 2018 16:57:05 +0100},
  biburl    = {https://dblp.org/rec/bib/conf/agere/2015},
  bibsource = {dblp computer science bibliography, https://dblp.org}
}

@inproceedings{JavaGenerics,
  author    = {Gilad Bracha and
               Martin Odersky and
               David Stoutamire and
               Philip Wadler},
  title     = {Making the Future Safe for the Past: Adding Genericity to the Java
               Programming Language},
  booktitle = {Proceedings of the 1998 {ACM} {SIGPLAN} Conference on Object-Oriented
               Programming Systems, Languages {\&} Applications {(OOPSLA} '98), Vancouver,
               British Columbia, Canada, October 18-22, 1998.},
  pages     = {183--200},
  year      = {1998},
  crossref  = {DBLP:conf/oopsla/1998},
  url       = {https://doi.org/10.1145/286936.286957},
  doi       = {10.1145/286936.286957},
  timestamp = {Tue, 06 Nov 2018 16:57:15 +0100},
  biburl    = {https://dblp.org/rec/bib/conf/oopsla/BrachaOSW98},
  bibsource = {dblp computer science bibliography, https://dblp.org}
}

@proceedings{DBLP:conf/oopsla/1998,
  editor    = {Bj{\o}rn N. Freeman{-}Benson and
               Craig Chambers},
  title     = {Proceedings of the 1998 {ACM} {SIGPLAN} Conference on Object-Oriented
               Programming Systems, Languages {\&} Applications {(OOPSLA} '98), Vancouver,
               British Columbia, Canada, October 18-22, 1998},
  publisher = {{ACM}},
  year      = {1998},
  url       = {http://dl.acm.org/citation.cfm?id=286936},
  isbn      = {1-58113-005-8},
  timestamp = {Tue, 11 Jun 2013 10:03:19 +0200},
  biburl    = {https://dblp.org/rec/bib/conf/oopsla/1998},
  bibsource = {dblp computer science bibliography, https://dblp.org}
}
@inproceedings{SystemFSubtyping,
  author    = {Luca Cardelli and
               Simone Martini and
               John C. Mitchell and
               Andre Scedrov},
  title     = {An Extension of System {F} with Subtyping},
  booktitle = {Theoretical Aspects of Computer Software, International Conference
               {TACS} '91, Sendai, Japan, September 24-27, 1991, Proceedings},
  pages     = {750--770},
  year      = {1991},
  crossref  = {DBLP:conf/tacs/1991},
  url       = {https://doi.org/10.1007/3-540-54415-1\_73},
  doi       = {10.1007/3-540-54415-1\_73},
  timestamp = {Tue, 14 May 2019 10:00:51 +0200},
  biburl    = {https://dblp.org/rec/bib/conf/tacs/CardelliMMS91},
  bibsource = {dblp computer science bibliography, https://dblp.org}
}

@proceedings{DBLP:conf/tacs/1991,
  editor    = {Takayasu Ito and
               Albert R. Meyer},
  title     = {Theoretical Aspects of Computer Software, International Conference
               {TACS} '91, Sendai, Japan, September 24-27, 1991, Proceedings},
  series    = {Lecture Notes in Computer Science},
  volume    = {526},
  publisher = {Springer},
  year      = {1991},
  url       = {https://doi.org/10.1007/3-540-54415-1},
  doi       = {10.1007/3-540-54415-1},
  isbn      = {3-540-54415-1},
  timestamp = {Tue, 14 May 2019 10:00:51 +0200},
  biburl    = {https://dblp.org/rec/bib/conf/tacs/1991},
  bibsource = {dblp computer science bibliography, https://dblp.org}
}

@misc{PurescriptBook,
  title={PureScript by Example},
  author={Freeman, Phil},
  year={2017},
  publisher={Leanpub}
}

@inproceedings{Elm,
  author    = {Evan Czaplicki and
               Stephen Chong},
  title     = {Asynchronous functional reactive programming for GUIs},
  booktitle = {{ACM} {SIGPLAN} Conference on Programming Language Design and Implementation,
               {PLDI} '13, Seattle, WA, USA, June 16-19, 2013},
  pages     = {411--422},
  year      = {2013},
  crossref  = {DBLP:conf/pldi/2013},
  url       = {https://doi.org/10.1145/2491956.2462161},
  doi       = {10.1145/2491956.2462161},
  timestamp = {Fri, 30 Nov 2018 12:24:24 +0100},
  biburl    = {https://dblp.org/rec/bib/conf/pldi/CzaplickiC13},
  bibsource = {dblp computer science bibliography, https://dblp.org}
}

@proceedings{DBLP:conf/pldi/2013,
  editor    = {Hans{-}Juergen Boehm and
               Cormac Flanagan},
  title     = {{ACM} {SIGPLAN} Conference on Programming Language Design and Implementation,
               {PLDI} '13, Seattle, WA, USA, June 16-19, 2013},
  publisher = {{ACM}},
  year      = {2013},
  url       = {https://doi.org/10.1145/2491956},
  doi       = {10.1145/2491956},
  isbn      = {978-1-4503-2014-6},
  timestamp = {Fri, 30 Nov 2018 12:21:40 +0100},
  biburl    = {https://dblp.org/rec/bib/conf/pldi/2013},
  bibsource = {dblp computer science bibliography, https://dblp.org}
}
@inproceedings{PathDependentTypes,
  author    = {Nada Amin and
               Tiark Rompf and
               Martin Odersky},
  title     = {Foundations of path-dependent types},
  booktitle = {Proceedings of the 2014 {ACM} International Conference on Object Oriented
               Programming Systems Languages {\&} Applications, {OOPSLA} 2014, part
               of {SPLASH} 2014, Portland, OR, USA, October 20-24, 2014},
  pages     = {233--249},
  year      = {2014},
  crossref  = {DBLP:conf/oopsla/2014},
  url       = {https://doi.org/10.1145/2660193.2660216},
  doi       = {10.1145/2660193.2660216},
  timestamp = {Tue, 06 Nov 2018 16:57:15 +0100},
  biburl    = {https://dblp.org/rec/bib/conf/oopsla/AminRO14},
  bibsource = {dblp computer science bibliography, https://dblp.org}
}

@proceedings{DBLP:conf/oopsla/2014,
  editor    = {Andrew P. Black and
               Todd D. Millstein},
  title     = {Proceedings of the 2014 {ACM} International Conference on Object Oriented
               Programming Systems Languages {\&} Applications, {OOPSLA} 2014, part
               of {SPLASH} 2014, Portland, OR, USA, October 20-24, 2014},
  publisher = {{ACM}},
  year      = {2014},
  url       = {http://dl.acm.org/citation.cfm?id=2660193},
  isbn      = {978-1-4503-2585-1},
  timestamp = {Thu, 16 Oct 2014 09:05:18 +0200},
  biburl    = {https://dblp.org/rec/bib/conf/oopsla/2014},
  bibsource = {dblp computer science bibliography, https://dblp.org}
}
@inproceedings{PathDependentIssues,
  author    = {Jaemin Hong and
               Jihyeok Park and
               Sukyoung Ryu},
  title     = {Path dependent types with path-equality},
  booktitle = {Proceedings of the 9th {ACM} {SIGPLAN} International Symposium on
               Scala, SCALA@ICFP 2018, St. Louis, MO, USA, September 28, 2018},
  pages     = {35--39},
  year      = {2018},
  crossref  = {DBLP:conf/scala/2018},
  url       = {https://doi.org/10.1145/3241653.3241657},
  doi       = {10.1145/3241653.3241657},
  timestamp = {Tue, 11 Dec 2018 19:22:09 +0100},
  biburl    = {https://dblp.org/rec/bib/conf/scala/HongPR18},
  bibsource = {dblp computer science bibliography, https://dblp.org}
}

@proceedings{DBLP:conf/scala/2018,
  editor    = {Sebastian Erdweg and
               Bruno C. d. S. Oliveira},
  title     = {Proceedings of the 9th {ACM} {SIGPLAN} International Symposium on
               Scala, SCALA@ICFP 2018, St. Louis, MO, USA, September 28, 2018},
  publisher = {{ACM}},
  year      = {2018},
  url       = {https://doi.org/10.1145/3241653},
  doi       = {10.1145/3241653},
  timestamp = {Tue, 11 Dec 2018 19:20:16 +0100},
  biburl    = {https://dblp.org/rec/bib/conf/scala/2018},
  bibsource = {dblp computer science bibliography, https://dblp.org}
}

@article{BoundedQuantification,
  title={On understanding types, data abstraction, and polymorphism},
  author={Cardelli, Luca and Wegner, Peter},
  journal={ACM Computing Surveys (CSUR)},
  volume={17},
  number={4},
  pages={471--523},
  year={1985},
  publisher={ACM}
}

@misc{Rust,
Howpublished = {\url{https://www.rust-lang.org}},
key = {Rust Programming Language},
title = {The Rust Programming Language},
note = {Accessed June 2019}
}

@article{bidirectionaltypechecking,
  author    = {Benjamin C. Pierce and
               David N. Turner},
  title     = {Local type inference},
  journal   = {{ACM} Trans. Program. Lang. Syst.},
  volume    = {22},
  number    = {1},
  pages     = {1--44},
  year      = {2000},
  url       = {https://doi.org/10.1145/345099.345100},
  doi       = {10.1145/345099.345100},
  timestamp = {Tue, 06 Nov 2018 12:51:29 +0100},
  biburl    = {https://dblp.org/rec/bib/journals/toplas/PierceT00},
  bibsource = {dblp computer science bibliography, https://dblp.org}
}


@article{haskellInference,
  author    = {Dimitrios Vytiniotis and
               Simon L. {Peyton Jones} and
               Tom Schrijvers and
               Martin Sulzmann},
  title     = {OutsideIn(X) Modular type inference with local assumptions},
  journal   = {J. Funct. Program.},
  volume    = {21},
  number    = {4-5},
  pages     = {333--412},
  year      = {2011},
  url       = {https://doi.org/10.1017/S0956796811000098},
  doi       = {10.1017/S0956796811000098},
  timestamp = {Fri, 30 Nov 2018 13:26:43 +0100},
  biburl    = {https://dblp.org/rec/bib/journals/jfp/VytiniotisJSS11},
  bibsource = {dblp computer science bibliography, https://dblp.org}
}

@inproceedings{exprProblem1,
  author    = {William R. Cook},
  title     = {Object-Oriented Programming Versus Abstract Data Types},
  booktitle = {Foundations of Object-Oriented Languages, {REX} School/Workshop, Proceedings},
  pages     = {151--178},
  year      = {1990},
  crossref  = {DBLP:conf/rex/1990},
  url       = {https://doi.org/10.1007/BFb0019443},
  doi       = {10.1007/BFb0019443},
  timestamp = {Tue, 14 May 2019 10:00:52 +0200},
  biburl    = {https://dblp.org/rec/bib/conf/rex/Cook90},
  bibsource = {dblp computer science bibliography, https://dblp.org}
}

@proceedings{DBLP:conf/rex/1990,
  editor    = {J. W. de Bakker and
               Willem P. de Roever and
               Grzegorz Rozenberg},
  title     = {Foundations of Object-Oriented Languages, {REX} School/Workshop, Noordwijkerhout,
               The Netherlands, May 28 - June 1, 1990, Proceedings},
  series    = {Lecture Notes in Computer Science},
  volume    = {489},
  publisher = {Springer},
  year      = {1991},
  url       = {https://doi.org/10.1007/BFb0019438},
  doi       = {10.1007/BFb0019438},
  isbn      = {3-540-53931-X},
  timestamp = {Tue, 14 May 2019 10:00:52 +0200},
  biburl    = {https://dblp.org/rec/bib/conf/rex/1990},
  bibsource = {dblp computer science bibliography, https://dblp.org}
}

@misc{exprProblem2,
  title={User-defined types and procedural data as complementary approaches to data abstraction. Theoretical Aspects of Object-Oriented Programming},
  author={Reynolds, JC},
  year={1994},
  publisher={MIT Press}
}


@Misc{exprProblem3,
  author =    {Philip Wadler},
  title =     {The expression problem},
  howpublished = {Posted on the Java Genericity mailing list},
  year =      {1998},
}

@inproceedings{typestate,
  author    = {Jonathan Aldrich and
               Joshua Sunshine and
               Darpan Saini and
               Zachary Sparks},
  title     = {Typestate-oriented programming},
  booktitle = {Companion to the 24th Annual {ACM} {SIGPLAN} Conference on Object-Oriented
               Programming, Systems, Languages, and Applications, {OOPSLA} 2009,
               October 25-29, 2009, Orlando, Florida, {USA}},
  pages     = {1015--1022},
  year      = {2009},
  crossref  = {DBLP:conf/oopsla/2009c},
  url       = {https://doi.org/10.1145/1639950.1640073},
  doi       = {10.1145/1639950.1640073},
  timestamp = {Tue, 06 Nov 2018 16:57:17 +0100},
  biburl    = {https://dblp.org/rec/bib/conf/oopsla/AldrichSSS09},
  bibsource = {dblp computer science bibliography, https://dblp.org}
}

@proceedings{DBLP:conf/oopsla/2009c,
  editor    = {Shail Arora and
               Gary T. Leavens},
  title     = {Companion to the 24th Annual {ACM} {SIGPLAN} Conference on Object-Oriented
               Programming, Systems, Languages, and Applications, {OOPSLA} 2009,
               October 25-29, 2009, Orlando, Florida, {USA}},
  publisher = {{ACM}},
  year      = {2009},
  isbn      = {978-1-60558-768-4},
  timestamp = {Fri, 30 Oct 2009 14:03:24 +0100},
  biburl    = {https://dblp.org/rec/bib/conf/oopsla/2009c},
  bibsource = {dblp computer science bibliography, https://dblp.org}
}
@inproceedings{typestateInJava,
  author    = {Rosita Gerbo and
               Luca Padovani},
  title     = {Concurrent Typestate-Oriented Programming in Java},
  booktitle = {Proceedings Programming Language Approaches to Concurrency- and Communication-cEntric
               Software, PLACES@ETAPS 2019, Prague, Czech Republic, 7th April 2019.},
  pages     = {24--34},
  year      = {2019},
  url       = {https://doi.org/10.4204/EPTCS.291.3},
  doi       = {10.4204/EPTCS.291.3},
  timestamp = {Wed, 29 May 2019 13:01:26 +0200},
  biburl    = {https://dblp.org/rec/bib/journals/corr/abs-1904-01286},
  bibsource = {dblp computer science bibliography, https://dblp.org}
}
@proceedings{DBLP:journals/corr/abs-1904-00396,
  editor    = {Francisco Martins and
               Dominic Orchard},
  title     = {Proceedings Programming Language Approaches to Concurrency- and Communication-cEntric
               Software, PLACES@ETAPS 2019, Prague, Czech Republic, 7th April 2019},
  series    = {{EPTCS}},
  volume    = {291},
  year      = {2019},
  url       = {https://doi.org/10.4204/EPTCS.291},
  doi       = {10.4204/EPTCS.291},
  timestamp = {Wed, 29 May 2019 13:01:26 +0200},
  biburl    = {https://dblp.org/rec/bib/journals/corr/abs-1904-00396},
  bibsource = {dblp computer science bibliography, https://dblp.org}
}

@article{typestateFoundation,
  author    = {Ronald Garcia and
               {\'{E}}ric Tanter and
               Roger Wolff and
               Jonathan Aldrich},
  title     = {Foundations of Typestate-Oriented Programming},
  journal   = {{ACM} Trans. Program. Lang. Syst.},
  volume    = {36},
  number    = {4},
  year      = {2014},
  url       = {https://doi.org/10.1145/2629609},
  doi       = {10.1145/2629609},
  timestamp = {Tue, 06 Nov 2018 12:51:29 +0100},
  biburl    = {https://dblp.org/rec/bib/journals/toplas/GarciaTWA14},
  bibsource = {dblp computer science bibliography, https://dblp.org}
}
@article{typestateInJava2,
  author    = {Dimitrios Kouzapas and
               Ornela Dardha and
               Roly Perera and
               Simon J. Gay},
  title     = {Typechecking protocols with Mungo and StMungo: {A} session type toolchain
               for Java},
  journal   = {Sci. Comput. Program.},
  volume    = {155},
  pages     = {52--75},
  year      = {2018},
  url       = {https://doi.org/10.1016/j.scico.2017.10.006},
  doi       = {10.1016/j.scico.2017.10.006},
  timestamp = {Fri, 30 Nov 2018 13:22:00 +0100},
  biburl    = {https://dblp.org/rec/bib/journals/scp/KouzapasDPG18},
  bibsource = {dblp computer science bibliography, https://dblp.org}
}

@Misc{scalaPhases,
  author =    {Typelevel},
  title =     {Phases of the Scala compiler},
  howpublished = {https://typelevel.org/scala/docs/phases.html},
  month =     {6},
  year =      {2019},
}
@inproceedings{Extensibility,
  author    = {Bruno C. d. S. Oliveira and
               William R. Cook},
  title     = {Extensibility for the Masses - Practical Extensibility with Object
               Algebras},
  booktitle = {{ECOOP} 2012 - Object-Oriented Programming - 26th European Conference,
               Beijing, China, June 11-16, 2012. Proceedings},
  pages     = {2--27},
  year      = {2012},
  crossref  = {DBLP:conf/ecoop/2012},
  url       = {https://doi.org/10.1007/978-3-642-31057-7\_2},
  doi       = {10.1007/978-3-642-31057-7\_2},
  timestamp = {Tue, 14 May 2019 10:00:54 +0200},
  biburl    = {https://dblp.org/rec/bib/conf/ecoop/OliveiraC12},
  bibsource = {dblp computer science bibliography, https://dblp.org}
}

@proceedings{DBLP:conf/ecoop/2012,
  editor    = {James Noble},
  title     = {{ECOOP} 2012 - Object-Oriented Programming - 26th European Conference,
               Beijing, China, June 11-16, 2012. Proceedings},
  series    = {Lecture Notes in Computer Science},
  volume    = {7313},
  publisher = {Springer},
  year      = {2012},
  url       = {https://doi.org/10.1007/978-3-642-31057-7},
  doi       = {10.1007/978-3-642-31057-7},
  isbn      = {978-3-642-31056-0},
  timestamp = {Tue, 14 May 2019 10:00:54 +0200},
  biburl    = {https://dblp.org/rec/bib/conf/ecoop/2012},
  bibsource = {dblp computer science bibliography, https://dblp.org}
}
@article{DataTypesCarte,
  author    = {Wouter Swierstra},
  title     = {Data types {\`{a}} la carte},
  journal   = {J. Funct. Program.},
  volume    = {18},
  number    = {4},
  pages     = {423--436},
  year      = {2008},
  url       = {https://doi.org/10.1017/S0956796808006758},
  doi       = {10.1017/S0956796808006758},
  timestamp = {Sat, 27 May 2017 14:24:34 +0200},
  biburl    = {https://dblp.org/rec/bib/journals/jfp/Swierstra08},
  bibsource = {dblp computer science bibliography, https://dblp.org}
}
@article{ernst2004expression,
  title={The expression problem, Scandinavian style},
  author={Ernst, Erik},
  journal={ON MECHANISMS FOR SPECIALIZATION},
  pages={27},
  year={2004}
}
@inproceedings{ExpressionRevisited,
  author    = {Mads Torgersen},
  title     = {The Expression Problem Revisited},
  booktitle = {{ECOOP} 2004 - Object-Oriented Programming, 18th European Conference},
  pages     = {123--143},
  year      = {2004},
  crossref  = {DBLP:conf/ecoop/2004},
  url       = {https://doi.org/10.1007/978-3-540-24851-4\_6},
  doi       = {10.1007/978-3-540-24851-4\_6},
  timestamp = {Sun, 02 Jun 2019 21:16:57 +0200},
  biburl    = {https://dblp.org/rec/bib/conf/ecoop/Torgersen04},
  bibsource = {dblp computer science bibliography, https://dblp.org}
}

@proceedings{DBLP:conf/ecoop/2004,
  editor    = {Martin Odersky},
  title     = {{ECOOP} 2004 - Object-Oriented Programming, 18th European Conference},
  series    = {Lecture Notes in Computer Science},
  volume    = 3086,
  publisher = {Springer},
  year      = 2004,
  url       = {https://doi.org/10.1007/b98195},
  doi       = {10.1007/b98195},
  isbn      = {3-540-22159-X},
  timestamp = {Sun, 02 Jun 2019 21:16:57 +0200},
  biburl    = {https://dblp.org/rec/bib/conf/ecoop/2004},
  bibsource = {dblp computer science bibliography, https://dblp.org}
}
@inproceedings{TypeClasses,
  author    = {Philip Wadler and
               Stephen Blott},
  title     = {How to Make ad-hoc Polymorphism Less ad-hoc},
  booktitle = {Conference Record of the Sixteenth Annual {ACM} Symposium on Principles
               of Programming Languages, Austin, Texas, USA, January 11-13, 1989},
  pages     = {60--76},
  year      = {1989},
  crossref  = {DBLP:conf/popl/1989},
  url       = {https://doi.org/10.1145/75277.75283},
  doi       = {10.1145/75277.75283},
  timestamp = {Wed, 14 Nov 2018 10:52:34 +0100},
  biburl    = {https://dblp.org/rec/bib/conf/popl/WadlerB89},
  bibsource = {dblp computer science bibliography, https://dblp.org}
}

@proceedings{DBLP:conf/popl/1989,
  title     = {Conference Record of the Sixteenth Annual {ACM} Symposium on Principles
               of Programming Languages, Austin, Texas, USA, January 11-13, 1989},
  publisher = {{ACM} Press},
  year      = {1989},
  url       = {http://dl.acm.org/citation.cfm?id=75277},
  isbn      = {0-89791-294-2},
  timestamp = {Mon, 21 May 2012 16:19:51 +0200},
  biburl    = {https://dblp.org/rec/bib/conf/popl/1989},
  bibsource = {dblp computer science bibliography, https://dblp.org}
}
@book{TAPL,
  author    = {Benjamin C. Pierce},
  title     = {Types and programming languages},
  publisher = {{MIT} Press},
  year      = {2002},
  isbn      = {978-0-262-16209-8},
  timestamp = {Thu, 03 Feb 2011 10:51:35 +0100},
  biburl    = {https://dblp.org/rec/bib/books/daglib/0005958},
  bibsource = {dblp computer science bibliography, https://dblp.org}
}
@article{destructive,
 author = {Baker, Henry G.},
 title = {``Use-once'' Variables and Linear Objects: Storage Management, Reflection and Multi-threading},
 journal = {SIGPLAN Not.},
 issue_date = {Jan. 1995},
 volume = 30,
 number = 1,
 month = jan,
 year = 1995,
 issn = {0362-1340},
 pages = {45--52},
 numpages = 8,
 url = {http://doi.acm.org/10.1145/199818.199860},
 doi = {10.1145/199818.199860},
 acmid = 199860,
 publisher = {ACM},
 address = {New York, NY, USA},
}